<record xmlns='http://www.loc.gov/MARC21/slim'
><leader
  >03232ntm a2200361Ii 4500</leader
  ><controlfield tag='001'
  >991058310286806011</controlfield
  ><controlfield tag='005'
  >20220526152138.0</controlfield
  ><controlfield tag='008'
  >220525s1647    enk           000 0 eng d</controlfield
  ><datafield ind1=' ' ind2=' ' tag='035'
  ><subfield code='a'
    >(OCoLC)1319859195h</subfield
    ></datafield
  ><datafield ind1=' ' ind2=' ' tag='035'
  ><subfield code='a'
    >(OCoLC)on1319859195h</subfield
    ></datafield
  ><datafield ind1=' ' ind2=' ' tag='040'
  ><subfield code='a'
    >HRH</subfield
    ><subfield code='b'
    >eng</subfield
    ><subfield code='e'
    >dcrmmss</subfield
    ><subfield code='c'
    >HRH</subfield
    ></datafield
  ><datafield ind1=' ' ind2=' ' tag='041'
  ><subfield code='a'
    >eng</subfield
    ><subfield code='a'
    >lat</subfield
    ></datafield
  ><datafield ind1=' ' ind2=' ' tag='049'
  ><subfield code='a'
    >HRHH</subfield
    ></datafield
  ><datafield ind1=' ' ind2='9' tag='099'
  ><subfield code='a'
    >MS 3327, Container 91</subfield
    ></datafield
  ><datafield ind1='0' ind2='0' tag='245'
  ><subfield code='a'
    >Three legal treatises on civil and ecclesiastical law, with medicinal recipes, and notes and accounts related to the quartering of soldiers, probably in and near Hertfordshire (Broxbourne, Hoddesdon, and Epping), dated from 1639-1647 :</subfield
    ><subfield code='k'
    >manuscript.</subfield
    ></datafield
  ><datafield ind1=' ' ind2=' ' tag='260'
  ><subfield code='a'
    >England ;</subfield
    ><subfield code='c'
    >1639-1647</subfield
    ></datafield
  ><datafield ind1=' ' ind2=' ' tag='300'
  ><subfield code='a'
    >148 leaves :</subfield
    ><subfield code='b'
    >paper,</subfield
    ><subfield code='c'
    >15 x 10 cm</subfield
    ></datafield
  ><datafield ind1=' ' ind2=' ' tag='506'
  ><subfield code='a'
    >Unrestricted, for either reading room or classroom use.</subfield
    ></datafield
  ><datafield ind1=' ' ind2=' ' tag='520'
  ><subfield code='a'
    >In addition to accounts owed to John Jarsey (fol. 1r-16v), contents include:1. fol. 17r-34v: Anonymous collection of seventy-nine questions and answers related to inheritance of property, beginning How beganne estates in Lands and Tenements and ending with a section May Charters be graunted from one to another.2. fol. 35r-78r: Bacon, Francis, Sir (1561-1626). The Use of the Law set out in ninety-seven paragraphs; not attributed to Bacon, and headed Certaine principles gathered out of the Lawe. Signed Finis per me Richard Sowerbutts esq. Index follows (fol. 79r-83r).3. fol. 114r-147v: Praxis Curiae. In foro Ecclesiastico primum impetranda est Citatio sub sigillo Iudicis... quae subterfugia et dilationes evitabis si consentias de procedendo in negotio principali omisso negotio appellis ut preferibitur. Index follows (fol. 148r-v).</subfield
    ></datafield
  ><datafield ind1=' ' ind2=' ' tag='500'
  ><subfield code='a'
    >Copied in part by Richard Sowerbutts.</subfield
    ></datafield
  ><datafield ind1=' ' ind2=' ' tag='590'
  ><subfield code='a'
    >MS 3327, Container 91: John Jarsey, his name on flyleaves and mentioned in the accounts; owned in the 19th century by the Rt. Hon. Frederick John Lord Monson of Burton Hall in Lincolnshire, probably included in the Monson sale at Christie, Manson, and Woods in London, 14-15 May, 1889; acquired by the Ransom Center in 1973 (R5374) from Jenkins and Company. Binding: (England? 19th c?) Full brown tanned calfskin over paper boards. Pulled-over caps, cut edges brush-colored red, hollow tube, four false raised bands. Two-line and decorative roll blind-tooled border, front and back covers; two-line gold-tooled filets across spine at head and tail and either side of raised bands; blind-tooled roll on board edges, turn-ins.  Red tanned goatskin gold-tooled title label on spine (2d panel). Sewing/sewing supports not visible. Endbands worked on textile, stuck-on. Endleaf components: front tipped fold dark green wove paper making pastedown, free endleaf; back same.</subfield
    ></datafield
  ><datafield ind1=' ' ind2='0' tag='650'
  ><subfield code='a'
    >Law.</subfield
    ></datafield
  ><datafield ind1=' ' ind2='7' tag='655'
  ><subfield code='a'
    >Treatises.</subfield
    ><subfield code='2'
    >aat</subfield
    ></datafield
  ><datafield ind1=' ' ind2='7' tag='655'
  ><subfield code='a'
    >Recipes.</subfield
    ><subfield code='2'
    >aat</subfield
    ></datafield
  ><datafield ind1='1' ind2=' ' tag='700'
  ><subfield code='a'
    >Sowerbutts, Richard,</subfield
    ><subfield code='e'
    >scribe.</subfield
    ></datafield
  ><datafield ind1='1' ind2=' ' tag='790'
  ><subfield code='a'
    >Jarsey, John,</subfield
    ><subfield code='e'
    >former owner.</subfield
    ></datafield
  ><datafield ind1='1' ind2=' ' tag='790'
  ><subfield code='a'
    >Monson, Frederick John Monson, Baron, 1809-1841,</subfield
    ><subfield code='e'
    >former owner.</subfield
    ></datafield
  ><datafield ind1='2' ind2=' ' tag='791'
  ><subfield code='a'
    >Medieval and Early Modern Manuscripts Collection.</subfield
    ></datafield
  ><datafield ind1=' ' ind2=' ' tag='752'
  ><subfield code='a'
    >England,</subfield
    ><subfield code='e'
    >producation place.</subfield
    ></datafield
  ><datafield ind1='1' ind2=' ' tag='979'
  ><subfield code='a'
    >Jarsey, John,</subfield
    ><subfield code='e'
    >former owner.</subfield
    ></datafield
  ><datafield ind1='1' ind2=' ' tag='979'
  ><subfield code='a'
    >Monson, Frederick John Monson, Baron, 1809-1841,</subfield
    ><subfield code='e'
    >former owner.</subfield
    ></datafield
  ><datafield ind1='2' ind2=' ' tag='979'
  ><subfield code='a'
    >Medieval and Early Modern Manuscripts Collection.</subfield
    ></datafield
  ><datafield ind1=' ' ind2=' ' tag='994'
  ><subfield code='a'
    >C0</subfield
    ><subfield code='b'
    >HRH</subfield
    ></datafield
  ></record
>